<record><leader>00000cas a22000007a 4500</leader><controlfield tag="001">37174695</controlfield><controlfield tag="008">970623d18uu1920tnuwr ne      0    0eng d</controlfield><datafield ind1=" " ind2=" " tag="010"><subfield code="a">sn 97065198 </subfield></datafield><datafield ind1=" " ind2=" " tag="040"><subfield code="a">TGN</subfield><subfield code="b">eng</subfield><subfield code="c">TGN</subfield><subfield code="d">OCL</subfield><subfield code="d">TGN</subfield><subfield code="d">OCLCQ</subfield><subfield code="d">OCLCF</subfield><subfield code="d">OCLCO</subfield></datafield><datafield ind1="1" ind2=" " tag="029"><subfield code="a">AU@</subfield><subfield code="b">000013414506</subfield></datafield><datafield ind1=" " ind2=" " tag="042"><subfield code="a">msc</subfield></datafield><datafield ind1=" " ind2=" " tag="043"><subfield code="a">n-us-tn</subfield></datafield><datafield ind1="0" ind2=" " tag="130"><subfield code="a">Greeneville Democrat (Greeneville, Tenn. : 1890)</subfield></datafield><datafield ind1="1" ind2="0" tag="245"><subfield code="a">Greeneville Democrat.</subfield></datafield><datafield ind1="1" ind2=" " tag="246"><subfield code="i">Colophon title:</subfield><subfield code="a">Democrat</subfield></datafield><datafield ind1=" " ind2=" " tag="260"><subfield code="a">Greeneville, Tenn. :</subfield><subfield code="b">J.B. Lyon</subfield></datafield><datafield ind1=" " ind2=" " tag="300"><subfield code="a">v.</subfield></datafield><datafield ind1=" " ind2=" " tag="310"><subfield code="a">Weekly</subfield></datafield><datafield ind1="1" ind2=" " tag="362"><subfield code="a">Ceased in Oct. 1920.</subfield></datafield><datafield ind1=" " ind2=" " tag="580"><subfield code="a">Merged with: Greeneville sun (Greeneville, Tenn. : 1901 : Weekly), to form: Greeneville democrat-sun (Greeneville, Tenn. : Weekly).</subfield></datafield><datafield ind1=" " ind2=" " tag="588"><subfield code="a">Description based on: Vol. 11, no. 23 (Mar. 13, 1890).</subfield></datafield><datafield ind1=" " ind2="0" tag="651"><subfield code="a">Greeneville (Tenn.)</subfield><subfield code="v">Newspapers.</subfield></datafield><datafield ind1=" " ind2="0" tag="651"><subfield code="a">Greene County (Tenn.)</subfield><subfield code="v">Newspapers.</subfield></datafield><datafield ind1=" " ind2="7" tag="655"><subfield code="a">Newspapers.</subfield><subfield code="2">fast</subfield><subfield code="0">(OCoLC)fst01423814</subfield></datafield><datafield ind1=" " ind2="7" tag="651"><subfield code="a">Tennessee</subfield><subfield code="z">Greene County.</subfield><subfield code="2">fast</subfield><subfield code="0">(OCoLC)fst01220180</subfield></datafield><datafield ind1=" " ind2="7" tag="651"><subfield code="a">Tennessee</subfield><subfield code="z">Greeneville.</subfield><subfield code="2">fast</subfield><subfield code="0">(OCoLC)fst01224711</subfield></datafield><datafield ind1=" " ind2=" " tag="752"><subfield code="a">United States</subfield><subfield code="b">Tennessee</subfield><subfield code="c">Greene</subfield><subfield code="d">Greeneville.</subfield></datafield><datafield ind1="0" ind2="0" tag="780"><subfield code="t">Democrat (Greeneville, Tenn.)</subfield><subfield code="w">(DLC)sn 87090166</subfield></datafield><datafield ind1="0" ind2="5" tag="780"><subfield code="t">Searchlight (Greeneville, Tenn.)</subfield><subfield code="g">May 1920</subfield><subfield code="w">(DLC)sn 97065123</subfield></datafield><datafield ind1="1" ind2="7" tag="785"><subfield code="t">Greeneville sun (Greeneville, Tenn. : 1901 : Weekly)</subfield><subfield code="w">(DLC)sn 97065199</subfield></datafield><datafield ind1="1" ind2="7" tag="785"><subfield code="t">Greeneville Democrat-sun (Greeneville, Tenn. : Weekly)</subfield><subfield code="w">(DLC)sn 97065133</subfield></datafield></record>